@article{Poppe10,
title = "A survey on vision-based human action recognition",
journal = "Image and Vision Computing",
volume = "28",
number = "6",
pages = "976 - 990",
year = "2010",
note = "",
issn = "0262-8856",
doi = "10.1016/j.imavis.2009.11.014",
url = "http://www.sciencedirect.com/science/article/pii/S0262885609002704",
author = "Ronald Poppe",
keywords = "Human action recognition",
keywords = "Motion analysis",
keywords = "Action detection"
}

@inproceedings{Palatucci09,
   author = "Mark Palatucci and Dean Pomerleau and Geoffrey Hinton and Tom Mitchell",
   title = "Zero-Shot Learning with Semantic Output Codes",
   booktitle = "Neural Information Processing Systems (NIPS)",
   month = "December",
   year = "2009",
} 

@INPROCEEDINGS{Laptev04,
    author = {Ivan Laptev and Tony Lindeberg},
    title = {Local descriptors for spatio-temporal recognition},
    booktitle = {In First International Workshop on Spatial Coherence for Visual Motion Analysis},
    year = {2004}
}

@article{Laptev05,
 author = {Laptev, Ivan},
 title = {On Space-Time Interest Points},
 journal = {Int. J. Comput. Vision},
 issue_date = {September 2005},
 volume = {64},
 number = {2-3},
 month = sep,
 year = {2005},
 issn = {0920-5691},
 pages = {107--123},
 numpages = {17},
 url = {http://dx.doi.org/10.1007/s11263-005-1838-7},
 doi = {10.1007/s11263-005-1838-7},
 acmid = {1085605},
 publisher = {Kluwer Academic Publishers},
 address = {Hingham, MA, USA},
 keywords = {interest points, matching, scale selection, scale-space, video interpretation},
} 

@article{scikit,
 title={{Scikit-learn: Machine Learning in Python }},
 author={Pedregosa, F. and Varoquaux, G. and Gramfort, A. and Michel, V.
         and Thirion, B. and Grisel, O. and Blondel, M. and Prettenhofer, P.
         and Weiss, R. and Dubourg, V. and Vanderplas, J. and Passos, A. and
         Cournapeau, D. and Brucher, M. and Perrot, M. and Duchesnay, E.},
 journal={Journal of Machine Learning Research},
 volume={12},
 pages={2825--2830},
 year={2011}
}
@Misc{scipy,
  author =    {Eric Jones and Travis Oliphant and Pearu Peterson and others},
  title =     {{SciPy}: Open source scientific tools for {Python}},
  year =      {2001--},
  url = "http://www.scipy.org/"
}
@article{opencv,
    author = {Bradski, G.},
    citeulike-article-id = {2236121},
    journal = {Dr. Dobb's Journal of Software Tools},
    keywords = {bibtex-import},
    posted-at = {2008-01-15 19:21:54},
    priority = {4},
    title = {{The OpenCV Library}},
    year = {2000}
}
@Misc{pil,
  title =     {Python Image Library},
  url = "http://www.pythonware.com/products/pil/index.htm"
}
@Misc{numpy,
  title =     {NumPy},
  url = "http://numpy.scipy.org/"
}